<?xml version="1.0" encoding="UTF-8"?><collection xmlns="http://www.loc.gov/MARC21/slim"><record><leader>00519nam--2200181-i-4500</leader><controlfield tag="001">000016519</controlfield><controlfield tag="002">20161230</controlfield><controlfield tag="005">20161230201031</controlfield><controlfield tag="008">060222s1000------------r-----000-0-ger-d</controlfield><datafield ind1=" " ind2=" " tag="040"><subfield code="a">IFIN-HH</subfield></datafield><datafield ind1=" " ind2=" " tag="041"><subfield code="a">ger</subfield></datafield><datafield ind1=" " ind2=" " tag="080"><subfield code="a">544.022.584:548.7</subfield></datafield><datafield ind1="1" ind2=" " tag="100"><subfield code="a">Dettmann, Joachim</subfield></datafield><datafield ind1="1" ind2="0" tag="245"><subfield code="a">Fullerene</subfield><subfield code="b">- die bucky - balls erobern die chemie mit einem vorwort von wolfgang kratschmer</subfield><subfield code="c">Joachim dettmann</subfield></datafield><datafield ind1=" " ind2=" " tag="260"><subfield code="a">Basel</subfield><subfield code="b">Birkhauser-verlag</subfield><subfield code="c">1994</subfield></datafield><datafield ind1=" " ind2=" " tag="300"><subfield code="a">240P</subfield></datafield><datafield ind1=" " ind2=" " tag="852"><subfield code="a">80514</subfield><subfield code="c">54</subfield></datafield><datafield ind1=" " ind2=" " tag="CAT"><subfield code="a">Sys</subfield><subfield code="c">20110405</subfield><subfield code="h">140208</subfield></datafield></record></collection>